<record><leader>00000cas a22000001a 4500</leader><controlfield tag="001">32380887</controlfield><controlfield tag="007">hd afb019baca</controlfield><controlfield tag="007">hd bfb019baaa</controlfield><controlfield tag="008">950428d18961916nyudr nea     0    0eng c</controlfield><datafield ind1=" " ind2=" " tag="010"><subfield code="a">sn 94088936 </subfield></datafield><datafield ind1=" " ind2=" " tag="040"><subfield code="a">NN</subfield><subfield code="b">eng</subfield><subfield code="c">RQM</subfield><subfield code="d">OCLCQ</subfield></datafield><datafield ind1=" " ind2=" " tag="012"><subfield code="i">9504</subfield></datafield><datafield ind1=" " ind2=" " tag="042"><subfield code="a">pcc</subfield></datafield><datafield ind1=" " ind2=" " tag="043"><subfield code="a">n-us-ny</subfield></datafield><datafield ind1="0" ind2=" " tag="130"><subfield code="a">New York press (New York, N.Y. : 1896)</subfield></datafield><datafield ind1="1" ind2="4" tag="245"><subfield code="a">The New York press.</subfield></datafield><datafield ind1=" " ind2=" " tag="260"><subfield code="a">New York [N.Y.] :</subfield><subfield code="b">Frank A. Hunsey,</subfield><subfield code="c">1896-1916.</subfield></datafield><datafield ind1=" " ind2=" " tag="300"><subfield code="a">21 volumes ;</subfield><subfield code="c">58 cm</subfield></datafield><datafield ind1=" " ind2=" " tag="310"><subfield code="a">Daily</subfield></datafield><datafield ind1=" " ind2=" " tag="336"><subfield code="a">text</subfield><subfield code="b">txt</subfield><subfield code="2">rdacontent</subfield></datafield><datafield ind1=" " ind2=" " tag="337"><subfield code="a">microform</subfield><subfield code="b">h</subfield><subfield code="2">rdamedia</subfield></datafield><datafield ind1=" " ind2=" " tag="338"><subfield code="a">microfilm reel</subfield><subfield code="b">hd</subfield><subfield code="2">rdacarrier</subfield></datafield><datafield ind1="0" ind2=" " tag="362"><subfield code="a">Vol. 9, no. 3,046 (Apr. 2, 1896)-v. 29, no. 10,441 (July 2, 1916).</subfield></datafield><datafield ind1=" " ind2=" " tag="580"><subfield code="a">Merged with: Sun (New York, N.Y. : 1833), to form: Sun and New York press.</subfield></datafield><datafield ind1=" " ind2=" " tag="533"><subfield code="a">Microfilm.</subfield><subfield code="m">v.1-9 (1887-1896) On film with related titles.</subfield><subfield code="b">New York :</subfield><subfield code="c">New York Public Library,</subfield><subfield code="d">[19--].</subfield><subfield code="e">123 microfilm reels ; 35 mm.</subfield></datafield><datafield ind1=" " ind2="4" tag="651"><subfield code="a">New York (N.Y.)</subfield><subfield code="v">Newspapers.</subfield></datafield><datafield ind1=" " ind2=" " tag="752"><subfield code="a">United States</subfield><subfield code="b">New York</subfield><subfield code="c">New York</subfield><subfield code="d">New York.</subfield></datafield><datafield ind1="0" ind2=" " tag="775"><subfield code="t">New York weekly press</subfield></datafield><datafield ind1="1" ind2=" " tag="776"><subfield code="c">Original</subfield><subfield code="w">(DLC)sn 83030429</subfield></datafield><datafield ind1="0" ind2="0" tag="780"><subfield code="t">Press (New York, N.Y. : 1887)</subfield><subfield code="w">(DLC)sn 94088937</subfield></datafield><datafield ind1="1" ind2="7" tag="785"><subfield code="t">Sun (New York, N.Y. : 1833)</subfield></datafield><datafield ind1="1" ind2="7" tag="785"><subfield code="t">Sun and New York press</subfield></datafield><datafield ind1=" " ind2=" " tag="850"><subfield code="a">NN</subfield><subfield code="a">NN (master)</subfield></datafield><datafield ind1="1" ind2=" " tag="029"><subfield code="a">AU@</subfield><subfield code="b">000011686619</subfield></datafield></record>